@webpage{zkskarks,
	Date-Added = {2019-01-05 13:44:57 +0000},
	Date-Modified = {2019-01-05 13:45:20 +0000},
	Lastchecked = {2019-01-04},
	Url = {https://z.cash/technology/zksnarks/}}

@webpage{bnc-mobius,
	Date-Added = {2019-01-05 13:44:10 +0000},
	Date-Modified = {2019-01-05 13:44:42 +0000},
	Lastchecked = {2019-01-02},
	Month = {08},
	Url = {https://bravenewcoin.com/insights/mobius-to-bring-anonymity-of-monero-to-ethereum},
	Year = {2018}}

@webpage{cd-pos,
	Date-Added = {2019-01-05 13:42:23 +0000},
	Date-Modified = {2019-01-05 13:42:56 +0000},
	Lastchecked = {2018-12-30},
	Month = {05},
	Url = {https://www.coindesk.com/ethereums-big-switch-the-new-roadmap-to-proof-of-stake},
	Year = {2017}}

@webpage{mb-electricity,
	Date-Added = {2019-01-05 13:41:14 +0000},
	Date-Modified = {2019-01-05 13:42:05 +0000},
	Lastchecked = {2018-12-30},
	Month = {06},
	Url = {https://motherboard.vice.com/en_us/article/d3zn9a/ethereum-mining-transaction-electricity-consumption-bitcoin},
	Year = {2017}}

@webpage{md-mp,
	Date-Added = {2019-01-05 13:39:47 +0000},
	Date-Modified = {2019-01-05 13:40:26 +0000},
	Lastchecked = {2018-12-29},
	Month = {12},
	Url = {https://medium.com/mercuryprotocol/dev-highlights-of-this-week-cb33e58c745f},
	Year = {2017}}

@webpage{ptb,
	Date-Added = {2019-01-05 13:38:26 +0000},
	Date-Modified = {2019-01-05 13:38:48 +0000},
	Lastchecked = {2018-12-29},
	Month = {12},
	Url = {https://programtheblockchain.com/posts/2017/12/29/how-ethereum-transactions-work/},
	Year = {2017}}

@webpage{bg-ethereum,
	Date-Added = {2019-01-05 13:28:24 +0000},
	Date-Modified = {2019-01-05 13:29:43 +0000},
	Lastchecked = {2018-12-29},
	Month = {09},
	Url = {https://blockgeeks.com/guides/ethereum/},
	Year = {2018},
	Bdsk-Url-1 = {https://blockgeeks.com/guides/ethereum/}}

@mastersthesis{flint,
	Author = {Franklin Schrans and Susan Eisenbach and Sophia Drossopoulou},
	Date-Added = {2019-01-04 12:50:03 +0000},
	Date-Modified = {2019-01-04 12:53:00 +0000},
	Month = {June},
	School = {Imperial College London},
	Title = {Writing Safe Smart Contracts in Flint},
	Year = {2018}}

@article{yp,
	Author = {Wood, Gavin},
	Date-Modified = {2019-01-05 13:37:45 +0000},
	Journal = {Ethereum project yellow paper},
	Month = {12},
	Pages = {1--39},
	Title = {Ethereum: A secure decentralised generalised transaction ledger},
	Url = {https://ethereum.github.io/yellowpaper/paper.pdf},
	Year = {2018},
	Bdsk-Url-1 = {https://ethereum.github.io/yellowpaper/paper.pdf}}